@article{thomas_uminsky,
  author = {Thomas, Rachel and Uminsky, David},
  year = {2020},
  month = {02},
  title = {The Problem with Metrics is a Fundamental Problem for AI},
  url = "https://arxiv.org/abs/2002.08512"
}
