@inproceedings{huang2008,
  title = {Similarity measures for text document clustering},
  author = {Huang, Anna},
  booktitle = {Proceedings of the Sixth New Zealand Computer Science Research Student Conference (NZCSRSC2008), Christchurch, New Zealand},
  year = {2008}
}

@article{sitikhu2019,
  title = {A Comparison of Semantic Similarity Methods for Maximum Human Interpretability},
  author = {Sitikhu, Pinky and Pahi, Kritish and Thapa, Pujan and Shakya, Subarna},
  year = {2019}
}

@article{thomas2020,
author = {Rachel Thomas and David Uminsky},
title = {The Problem with Metrics is a Fundamental Problem for AI},
year = {2020},
url = {https://arxiv.org/abs/2002.08512}
}

@online{wikicosine,
  title = {Cosine similarity},
  author = {The Free Encyclopedia, Wikipedia},
  url = {https://en.wikipedia.org/wiki/Cosine_similarity}
}

@online{wikicosineproof,
  title = {Cosine Formula for Dot Product},
  author = {The Free Encyclopedia, Wikipedia},
  url = {https://proofwiki.org/wiki/Cosine_Formula_for_Dot_Product}
}

@article{turc2019,
  title={Well-Read Students Learn Better: On the Importance of Pre-training Compact Models},
  author={Turc, Iulia and Chang, Ming-Wei and Lee, Kenton and Toutanova, Kristina},
  journal={arXiv preprint arXiv:1908.08962v2 },
  year={2019}
}

@article{btz682,
  author = {Lee, Jinhyuk and Yoon, Wonjin and Kim, Sungdong and Kim, Donghyeon and Kim, Sunkyu and So, Chan Ho and Kang, Jaewoo},
  title = "{BioBERT: a pre-trained biomedical language representation model for biomedical text mining}",
  journal = {Bioinformatics},
  year = {2019},
  month = {09},
  issn = {1367-4803},
  doi = {10.1093/bioinformatics/btz682},
  url = {https://doi.org/10.1093/bioinformatics/btz682},
}

@article{use,
  author = {Daniel Cer and Yinfei Yang and Sheng-yi Kong and Nan Hua and Nicole Limtiaco and Rhomni St. John and Noah Constant and Mario Guajardo-Cespedes and Steve Yuan and Chris Tar and Yun-Hsuan Sung and Brian Strope and Ray Kurzweil},
  title = {Universal Sentence Encoder},
  year = {2018},
  eprint = {arXiv:1803.11175},
}
